<record xmlns="http://www.loc.gov/MARC21/slim">
   <leader>01429cam a2200313 a 4500</leader>
   <controlfield tag="001">1394444</controlfield>
   <controlfield tag="008">910812s1985    aku           1   0 eng c</controlfield>
   <datafield ind1=" " ind2=" " tag="035">
      <subfield code="a">ocn465363576</subfield>
   </datafield>
   <datafield ind1=" " ind2=" " tag="040">
      <subfield code="b">eng</subfield>
   </datafield>
   <datafield ind1=" " ind2=" " tag="043">
      <subfield code="a">n-us-ak</subfield>
   </datafield>
   <datafield ind1=" " ind2=" " tag="049">
      <subfield code="a">AEU</subfield>
      <subfield code="b">eng</subfield>
   </datafield>
   <datafield ind1=" " ind2="3" tag="055">
      <subfield code="a">F 901</subfield>
   </datafield>
   <datafield ind1=" " ind2=" " tag="080">
      <subfield code="a">93 :(*49) GIP</subfield>
   </datafield>
   <datafield ind1=" " ind2=" " tag="090">
      <subfield code="a">F 901 G752 1985</subfield>
      <subfield code="b">AEU</subfield>
   </datafield>
   <datafield ind1="2" ind2=" " tag="110">
      <subfield code="a">Grand Igloo Pioneers of Alaska.</subfield>
   </datafield>
   <datafield ind1="1" ind2="0" tag="245">
      <subfield code="a">69th session, Grand Igloo Pioneers of Alaska, Valdez, Alaska, September 25, 26, 27, 28 1985.</subfield>
   </datafield>
   <datafield ind1=" " ind2=" " tag="260">
      <subfield code="a">[Valdez, Alaska] :</subfield>
      <subfield code="b">Grand Igloo Pioneers of Alaska,</subfield>
      <subfield code="c">1985.</subfield>
   </datafield>
   <datafield ind1=" " ind2=" " tag="300">
      <subfield code="a">100 p. :</subfield>
      <subfield code="b">ill. ;</subfield>
      <subfield code="c">28 cm.</subfield>
   </datafield>
   <datafield ind1=" " ind2=" " tag="336">
      <subfield code="a">text</subfield>
      <subfield code="b">txt</subfield>
      <subfield code="2">rdacontent</subfield>
   </datafield>
   <datafield ind1=" " ind2=" " tag="337">
      <subfield code="a">unmediated</subfield>
      <subfield code="b">n</subfield>
      <subfield code="2">rdamedia</subfield>
   </datafield>
   <datafield ind1=" " ind2=" " tag="338">
      <subfield code="a">volume</subfield>
      <subfield code="b">nc</subfield>
      <subfield code="2">rdacarrier</subfield>
   </datafield>
   <datafield ind1=" " ind2=" " tag="500">
      <subfield code="a">Accompanied by articles from the Alaska Yukon Pioneers newsletter, AYP News, clipped to inside back cover.</subfield>
   </datafield>
   <datafield ind1=" " ind2=" " tag="520">
      <subfield code="a">The proceedings of the 69th session of the Grand Igloo Pioneers of Alaska, a fraternal order of descendents of early Alaskan pioneers. Includes Alaskan historical information, poems, biographical information on some members, travel information on Valdez, Alaska (conference site), advertisements, photographs and maps.</subfield>
   </datafield>
   <datafield ind1=" " ind2=" " tag="596">
      <subfield code="a">48</subfield>
   </datafield>
   <datafield ind1=" " ind2="0" tag="650">
      <subfield code="a">Pioneers</subfield>
      <subfield code="z">Alaska</subfield>
      <subfield code="v">Congresses.</subfield>
   </datafield>
   <datafield ind1=" " ind2="0" tag="651">
      <subfield code="a">Alaska</subfield>
      <subfield code="x">History</subfield>
      <subfield code="y">1867-1959.</subfield>
   </datafield>
   <datafield ind1=" " ind2="0" tag="651">
      <subfield code="a">Valdez (Alaska)</subfield>
      <subfield code="x">Description and travel.</subfield>
   </datafield>
   <datafield ind1="0" ind2=" " tag="730">
      <subfield code="a">AYP News.</subfield>
   </datafield>
   <datafield ind1=" " ind2=" " tag="926">
      <subfield code="a">F 901 G752 1985</subfield>
      <subfield code="w">LC</subfield>
      <subfield code="c">1</subfield>
      <subfield code="i">000037384559</subfield>
      <subfield code="l">POLAR</subfield>
      <subfield code="m">UASCITECH</subfield>
      <subfield code="p">$150.00</subfield>
      <subfield code="r">Y</subfield>
      <subfield code="s">Y</subfield>
      <subfield code="t">BOOK</subfield>
      <subfield code="u">8/26/1991</subfield>
   </datafield>
</record>
